[gd_scene load_steps=13 format=2]

[ext_resource path="res://Scripts/HUD.gd" type="Script" id=1]
[ext_resource path="res://Fonts/Xolonium-Regular.ttf" type="DynamicFontData" id=2]
[ext_resource path="res://Scenes/D-pad.tscn" type="PackedScene" id=4]

[sub_resource type="DynamicFont" id=1]
size = 64
font_data = ExtResource( 2 )

[sub_resource type="DynamicFont" id=2]
size = 64
font_data = ExtResource( 2 )

[sub_resource type="InputEventAction" id=3]
action = "ui_select"

[sub_resource type="ShortCut" id=4]
shortcut = SubResource( 3 )

[sub_resource type="StreamTexture" id=5]
flags = 4

[sub_resource type="GDScript" id=6]
script/source = "extends Node


# Declare member variables here. Examples:
# var a = 2
# var b = \"text\"


# Called when the node enters the scene tree for the first time.
func _ready():
	pass # Replace with function body.


# Called every frame. 'delta' is the elapsed time since the previous frame.
#func _process(delta):
#	pass
"

[sub_resource type="RectangleShape2D" id=7]

[sub_resource type="RectangleShape2D" id=8]
extents = Vector2( 40, 50 )

[sub_resource type="RectangleShape2D" id=9]
extents = Vector2( 40, 60 )

[node name="HUD" type="CanvasLayer"]
script = ExtResource( 1 )
__meta__ = {
"_edit_horizontal_guides_": [  ]
}

[node name="ScoreLabel" type="Label" parent="."]
anchor_right = 1.0
margin_bottom = 78.0
custom_fonts/font = SubResource( 1 )
text = "0"
align = 1
__meta__ = {
"_edit_use_anchors_": false
}

[node name="MessageLabel" type="Label" parent="."]
anchor_top = 0.489
anchor_right = 1.0
anchor_bottom = 0.667
margin_top = -274.08
margin_bottom = -23.2405
custom_fonts/font = SubResource( 1 )
text = "Dodge the
Creeps"
align = 1
__meta__ = {
"_edit_use_anchors_": false
}

[node name="StartButton" type="Button" parent="."]
anchor_top = 1.0
anchor_right = 0.906
anchor_bottom = 1.0
margin_left = 37.4863
margin_top = -455.74
margin_right = -4.39368
margin_bottom = -371.74
custom_fonts/font = SubResource( 2 )
shortcut = SubResource( 4 )
text = "Start"
__meta__ = {
"_edit_use_anchors_": false
}

[node name="MessageTimer" type="Timer" parent="."]
one_shot = true

[node name="D-Pad" type="Sprite" parent="."]
visible = false
position = Vector2( 240, 800 )
scale = Vector2( 1.1, 1.1 )
texture = SubResource( 5 )
script = SubResource( 6 )

[node name="TouchScreenButton" type="TouchScreenButton" parent="D-Pad"]
position = Vector2( 110, 0 )
scale = Vector2( 5, 10 )
shape = SubResource( 7 )
shape_centered = false
passby_press = true
action = "move_right"
visibility_mode = 1

[node name="TouchScreenButton2" type="TouchScreenButton" parent="D-Pad"]
position = Vector2( -110, 0 )
scale = Vector2( 5, 10 )
shape = SubResource( 7 )
shape_centered = false
passby_press = true
action = "move_left"
visibility_mode = 1

[node name="TouchScreenButton3" type="TouchScreenButton" parent="D-Pad"]
position = Vector2( 0, 100 )
scale = Vector2( 8, 6 )
shape = SubResource( 7 )
shape_centered = false
passby_press = true
action = "move_down"
visibility_mode = 1

[node name="D-pad" parent="." instance=ExtResource( 4 )]
position = Vector2( 76.686, 252 )
scale = Vector2( 0.7, 0.7 )

[node name="Pause" type="Label" parent="."]
pause_mode = 2
anchor_left = 1.0
anchor_right = 1.0
margin_left = -240.0
margin_right = 178.0
margin_bottom = 379.0
custom_fonts/font = SubResource( 1 )
text = "||"
align = 1
uppercase = true
__meta__ = {
"_edit_use_anchors_": false
}

[node name="TouchScreenButton" type="TouchScreenButton" parent="Pause"]
position = Vector2( 170, 0 )
shape = SubResource( 8 )
action = "ui_cancel"

[node name="Pause2" type="Label" parent="."]
visible = false
anchor_right = 1.0
margin_left = 419.0
margin_bottom = 78.0
custom_fonts/font = SubResource( 1 )
text = "||"
align = 1
__meta__ = {
"_edit_use_anchors_": false
}

[node name="TouchScreenButton" type="TouchScreenButton" parent="."]
visible = false
shape = SubResource( 9 )

[node name="Pause3" type="Label" parent="TouchScreenButton"]
pause_mode = 2
visible = false
margin_right = 44.0
margin_bottom = 78.0
custom_fonts/font = SubResource( 1 )
text = "?"
align = 1
uppercase = true
__meta__ = {
"_edit_use_anchors_": false
}

[connection signal="pressed" from="StartButton" to="." method="_on_StartButton_pressed"]
[connection signal="timeout" from="MessageTimer" to="." method="_on_MessageTimer_timeout"]
